3034 4778
577 192 791 263 ...17-

116 364 275 429 interesse
300 364 459 445 debuerit,
483 387 582 448 quam
604 366 772 430 acerrimis
787 370 918 449 poterat
933 366 1097 430 coloribus
1112 367 1245 450 pingere

116 466 294 547 iudicibuS,
326 467 488 549 quomodo
511 473 665 532 eventura
688 472 774 532 esset
796 488 862 547 res,
897 467 924 530 si
951 488 1011 550 pro
1035 467 1245 549 Ctesiphonte

117 568 296 635 sententias
319 569 450 633 ferrent.
488 569 640 635 Ceterum
655 569 717 633 hoc
733 591 862 652 quoque
878 569 1057 634 notandum
1073 577 1132 651 est,
1157 570 1245 651 qnod

117 670 353 736 Demosthenes
377 693 397 735 a
419 670 582 750 iudicibus
609 672 822 737 condemnato
845 673 1005 738 Aeschine
1028 693 1147 737 corona
1175 672 1245 754 dig-

117 794 175 837 nus
198 773 366 838 iudicatus
390 779 422 838 et
438 774 622 838 declaratus
645 780 703 854 est,
724 796 840 857 reapse
862 777 994 859 utrique
1010 774 1097 859 parti
1111 793 1245 856 prorsus

116 875 199 939 idem
222 875 376 955 valuisse,
399 897 437 940 ac
459 877 487 940 si
509 897 622 941 revere
644 882 817 942 coronatus
834 884 928 943 esset.
973 877 1133 957 Quocirca
1148 875 1244 940 credo

117 977 201 1042 haud
231 977 368 1043 difficile
390 980 467 1062 [esse
490 985 524 1044 et
545 979 618 1060 hoe,
653 1000 735 1061 quos
758 980 967 1062 ascripsimus
989 980 1086 1059 locos,
1108 984 1141 1042 et
1163 979 1246 1042 alios

117 1099 226 1144 omnes
237 1082 273 1161 1),
298 1079 416 1163 quibus
432 1081 608 1147 Aeschines
632 1081 728 1145 simili
750 1082 846 1147 modo
869 1082 909 1146 de
932 1102 1054 1147 corona
1068 1080 1247 1145 adversarii

117 1187 284 1263 tamquam
313 1182 532 1265 exspectanda
561 1189 594 1249 et
621 1184 767 1262 timenda
795 1185 875 1267 agit,
907 1184 956 1248 ita
980 1184 1164 1266 percipere,
1197 1182 1246 1246 uti

117 1283 344 1366 percipiantur
365 1307 498 1351 necesse
522 1291 584 1366 est,
612 1288 767 1368 quoniam
789 1286 889 1350 talem
911 1285 1011 1349 fuisse
1033 1286 1082 1351 rei
1103 1285 1246 1349 condici-

112 1406 209 1450 onem
233 1388 385 1466 vidimus,
409 1394 445 1453 ut
466 1389 538 1471 ipsa
554 1410 672 1477 corona
688 1411 747 1454 nec
764 1388 837 1452 dari
852 1409 910 1452 nec
926 1387 1110 1471 exspectari
1125 1392 1245 1470 posset.

119 1475 266 1568 Accedit,
304 1491 393 1572 quod
415 1490 504 1573 apud
534 1490 787 1561 Demosthenem
809 1510 975 1574 perpauca
997 1489 1094 1553 modo
1123 1489 1246 1554 inveni-

117 1595 230 1670 untur,
265 1613 352 1674 quae
385 1593 457 1680 huc
480 1593 596 1658 referri
619 1594 753 1676 possint.
798 1592 886 1657 (litat
916 1591 1109 1657 Schaeferus
1145 1593 1162 1674 ἕ
1196 1597 1246 1668 85,

118 1691 172 1756 ubi
194 1693 237 1757 ad
261 1715 301 1759 ea
332 1694 523 1778 respondet,
563 1717 646 1778 quae
675 1694 851 1760 Aeschines
879 1697 896 1778 ξ
925 1701 984 1761 231
1019 1693 1178 1777 protulit,
1214 1698 1247 1757 et
1281 1704 1283 1711 “

118 1795 225 1876 priore
250 1797 428 1861 Aristonici
451 1797 583 1862 decreto
606 1797 757 1862 recitato:
783 1789 904 1861 ’Ἔστιν
928 1783 991 1875 οὖν,
1015 1797 1130 1879 inquit,
1155 1791 1247 1874 ὅστις

119 1891 206 1978 ὑμῶν
228 1890 302 1964 οἶδε’
324 1923 397 1963 τινα
426 1894 578 1986 αἰσχύνην
604 1902 643 1987 τῇ
672 1895 769 1965 πόλει
800 1902 973 1982 συμβᾶσαν
1001 1890 1057 1963 διὰ
1084 1901 1180 1963 τοῦτο
1208 1894 1248 1963 τὸ

121 1996 281 2086 ψήφισμα
308 1993 328 2087 ’ἦ
354 1993 536 2084 χλευασμὸν
559 1993 579 2087 ἢ
606 1998 744 2086 μέλαινα,
769 1989 791 2065 3
817 2003 872 2064 νῦν
899 1987 993 2078 οὗτος
1026 1996 1089 2088 ἔφη
1122 1997 1248 2086 συμβή-

122 2107 254 2183 σεσθαι,
274 2095 318 2168 th
335 2096 397 2189 ἐγώ
415 2107 646 2190 στεφανῶμαι,·
668 2103 771 2167 Porro
794 2104 899 2186 5266,
922 2104 979 2167 ubi
995 2109 1083 2167 suut:
1107 2101 1175 2167 νννὶ
1189 2099 1248 2187 rq'-

120 2225 217 2290 μερον
239 2197 387 2292 ἐγὼμὲν
414 2201 499 2292 ὑπὲρ
532 2208 590 2270 τοῦ
622 2207 877 2292 στεφανωθῆναι
912 2201 1143 2287 δοκιμάζομαι.
1189 2205 1247 2267 His

122 2304 257 2391 aliisque
285 2307 366 2371 locis
377 2310 402 2390 ²)
438 2310 688 2395 στεφανοῦσθαι
717 2306 815 2371 aliter
841 2307 988 2389 intellegi
1020 2328 1085 2371 non
1118 2307 1248 2389 poterit,

120 2407 179 2470 nisi
191 2415 237 2481 „nt
261 2432 320 2491 per
341 2409 633 2493 breviloquentiam
656 2430 715 2492 pro
738 2429 878 2474 coronae
900 2408 996 2472 laude
1018 2408 1150 2491 dignum
1164 2409 1247 2472 iudi-

121 2509 184 2572 cari
207 2511 347 2575 dicatur.
380 2512 417 2575 In
433 2511 493 2576 tali
515 2516 624 2575 autem
640 2511 897 2594 breviloquentia
912 2532 976 2575 non
992 2532 1062 2576 esse
1077 2516 1165 2593 pulc,
1189 2530 1248 2574 cur

123 2607 330 2677 offendamus.
375 2613 439 2678 Sed
466 2618 540 2678 utut
565 2613 628 2679 hoc
658 2619 722 2693 est,
757 2619 845 2678 certe
870 2613 985 2679 horum
1012 2613 1156 2677 locorum
1184 2635 1248 2705 uon

123 2716 214 2779 tanta
234 2720 285 2780 est
306 2715 370 2794 vis,
398 2721 436 2779 ut
457 2716 534 2780 inde
555 2722 702 2788 statuere
724 2737 890 2799 cogamur,
920 2716 1007 2798 quod
1030 2735 1145 2798 perse
1168 2714 1249 2779 ferri

122 2816 242 2897 nequit.
287 2817 409 2881 Errant
430 2817 540 2901 igitur,
560 2817 616 2900 qui
638 2822 765 2900 putant,
787 2818 856 2881 litis
880 2822 1029 2882 eventum
1048 2817 1149 2881 fuisse
1165 2839 1248 2897 eum,

123 2920 158 2977 ut
176 2917 410 2983 Demosthenes
431 2919 558 3002 magnis
579 2919 743 3002 Dionysiis
768 2924 994 2999 coronaretur,
1015 2942 1074 2985 nec
1099 2941 1179 3002 opus
1201 2925 1251 2984 est

124 3037 192 3083 cum
220 3021 394 3103 Sphaefero
426 3022 575 3086 conicere
604 3021 825 3104 Ctesiphontis
857 3022 1023 3086 decretum
1055 3042 1126 3085 esse
1155 3043 1248 3085 reno-

124 3127 237 3204 vatum,
262 3145 346 3205 quae
370 3125 556 3188 coniectura
576 3124 706 3206 quantis
729 3123 858 3187 laboret
878 3121 1126 3186 difficultatibus
1149 3144 1249 3204 supra

125 3226 345 3305 exposuimus,
379 3247 527 3308 quaeque
558 3226 689 3289 minime
721 3224 892 3309 probatur,
926 3223 961 3287 id
990 3224 1075 3305 quod
1103 3223 1173 3288 vult
1199 3225 1248 3287 vir

126 3321 338 3408 doctissimus,
362 3328 551 3406 acerbitate,
574 3349 638 3410 qua
653 3327 829 3392 Aeschines
853 3328 869 3410 ἓ
891 3333 910 3393 2
935 3347 1003 3410 sqq.
1026 3330 1176 3390 senatum
1198 3324 1247 3388 in-

127 3435 241 3511 crepat.

205 3531 280 3597 dam
307 3531 495 3612 redeamus,
525 3531 611 3595 unde
644 3530 875 3596 aberravimus.
920 3531 1025 3609 Quum
1057 3531 1157 3612 igitur
1188 3548 1248 3593 nec

128 3638 254 3697 senatus
279 3633 464 3698 consultum
487 3654 557 3699 esse
579 3634 733 3698 iteratum
756 3633 924 3714 credibile,
957 3654 1018 3698 neo
1039 3631 1107 3696 veri
1135 3630 1178 3694 sit
1205 3631 1247 3694 si-

129 3731 199 3798 mile
222 3734 426 3801 adversarios
444 3736 595 3800 Aeschini
617 3735 795 3818 legitimam
818 3755 957 3818 poenam
978 3733 1147 3797 minitatos
1168 3753 1247 3812 esse,

130 3834 244 3901 cadunt
267 3858 394 3918 causae,
418 3837 535 3920 quibus
552 3837 745 3902 Schaeferus
766 3838 952 3920 suspicatur
971 3839 1154 3930 permotum
1177 3854 1247 3899 esse

129 3984 333 3998 Ὦ*-

193 4076 213 4144 1)
232 4076 266 4129 cf,
285 4075 383 4129 Aesch.
402 4076 452 4143 Ill,
470 4077 511 4143 53,
532 4077 589 4140 131,
608 4077 666 4139 147,
686 4076 735 4128 177
753 4091 821 4141 sqq,
840 4075 898 4139 210,
916 4073 968 4125 230
984 4089 1053 4139 sqq,
1072 4072 1130 4136 244,
1148 4071 1207 4125 253.

192 4161 213 4228 2)
232 4161 274 4213 cf..
286 4161 364 4214 Dem.
384 4161 418 4214 de
437 4179 493 4216 cor.
512 4162 562 4213 118
580 4165 608 4214 et
625 4162 667 4213 83.

1065 4243 1081 4295 2
