3034 4778
566 325 778 387 ..37-

113 492 225 573 ριῶνος
246 486 381 575 δειτέρηι
409 483 586 570 ἱσταμένοι·
613 487 668 552 καὶ
695 485 788 576 τρίτη
821 491 886 553 κτλ
930 491 1106 554 Praeterea
1130 494 1234 575 respi-

113 589 222 653 cienda
253 594 303 655 est
337 591 354 673 ἓ
384 597 442 676 24,
475 588 532 651 ubi
565 595 679 672 aperte
711 590 793 654 dicit
825 612 896 681 sese
933 591 1086 656 refutatis
1118 593 1234 658 adver-

113 690 263 755 sariorum
297 688 505 755 deverticulis
537 690 582 754 ad
614 712 731 755 novam
764 713 833 756 rem
854 693 1061 757 tractandam
1083 696 1234 775 transire,

112 813 203 873 quam
225 793 323 858 claris
345 792 453 856 verbis
476 792 653 875 significat:
688 788 740 858 ὅτι
762 792 800 859 δὲ
823 784 926 872 δντως
949 783 986 881 ἦν
1007 789 1193 875 δπεῦθινος
1216 793 1234 864 δ

111 894 341 982 Δημοσθένης,
371 887 427 961 ὅθ)
458 881 553 973 οἶτος
573 891 736 981 εἰσήνεγκε
768 888 808 960 τὸ
839 892 1013 982 ψήφισμα,
1045 888 1153 984 δι’ρχων
1172 897 1234 980 μὲν

111 986 162 1080 τὴν
188 993 247 1060 ἐπὶ
274 1000 323 1083 τῷ
345 1000 500 1084 θεωρικῷ
526 988 641 1083 ἀρχὴν,
664 988 772 1083 ἶν’ρχων
794 996 832 1062 δὲ
854 991 912 1082 τὴν
937 1001 1004 1062 τῶν
1024 1004 1233 1081 τειχοποιῶν,

111 1088 275 1182 οὐδετέρας
297 1096 337 1163 δέ
354 1122 412 1161 νιω
433 1101 499 1162 τῶν
521 1093 627 1182 ἀρχῶν
641 1096 766 1164 τοτ’των
785 1090 882 1184 λόγον
904 1093 980 1182 δμῖν
1001 1094 1070 1166 οἶδ’
1094 1094 1235 1181 εὗθίνας

110 1195 261 1280 δεδωκὼς,
277 1193 368 1263 ταῦτ’
378 1190 439 1286 ἤδη
451 1197 656 1285 πειράσομαι
669 1193 752 1282 ὑμᾶς
763 1197 932 1264 διδάσκειν
943 1199 979 1265 ἐκ
989 1205 1056 1267 τῶν
1066 1200 1235 1290 δημοσίων

110 1298 312 1386 γραμμάτων.
357 1303 466 1384 Atque
492 1301 569 1365 talis
602 1300 754 1384 probatio
781 1321 820 1364 eo
851 1301 959 1365 minus
994 1324 1235 1386 supervacanea

110 1401 204 1466 videri
227 1403 346 1486 potuit,
369 1424 434 1486 quo
456 1403 584 1485 longius
606 1408 678 1467 erat
698 1407 827 1486 tempus
854 1403 942 1468 inter
961 1404 1054 1469 litem
1075 1406 1235 1470 intentam

109 1507 138 1567 et
154 1511 260 1569 actam
274 1505 506 1570 intermissum.
543 1505 687 1569 Primum
709 1509 828 1585 auten
849 1506 900 1568 uti
920 1505 1087 1587 indicavit,
1109 1508 1179 1590 agit
1193 1509 1234 1572 de

110 1603 242 1671 theorici
270 1628 406 1671 munere
439 1612 473 1670 et
495 1607 640 1689 quaerit,
674 1628 739 1688 quo
765 1612 912 1690 tempore
940 1607 1002 1671 hoc
1024 1609 1236 1674 Demostheni

110 1705 250 1773 delatum
273 1710 330 1787 sit:
352 1704 409 1772 καί
424 1732 485 1790 μοι
504 1703 684 1793 ἀνάγνωθι,
708 1705 767 1772 ἐπὶ
786 1704 875 1787 τίνος
894 1700 1050 1796 δ’ρχοντος
1064 1695 1119 1775 καὶ
1134 1707 1235 1776 ποίου

108 1801 202 1895 μηνὸς
224 1809 279 1875 καὶ
308 1808 342 1876 ἒν
368 1808 433 1875 τίνι
456 1805 560 1898 δμέρα
582 1808 637 1874 καὶ
660 1807 694 1874 ἐν
716 1806 800 1897 ποία
823 1809 976 1900 ἐκκλησίᾳ
1004 1810 1235 1900 ἐχειροτονήθη

109 1910 326 1999 Δημοσθένης
352 1905 411 1999 τὴν
432 1905 532 1999 ἀρχὴν
553 1905 612 1998 τὴν
634 1909 693 1976 ἐπὶ
715 1915 762 2000 τῷ
784 1917 948 2000 θεωρικῷ.

188 2065 252 2130 Sed
274 2066 338 2129 hac
358 2065 488 2148 prolixa
509 2064 667 2148 temporis
689 2065 854 2128 notatione
876 2066 930 2129 vix
944 2066 1124 2148 quidquam
1139 2065 1234 2131 effec-

109 2169 172 2230 tum
194 2188 266 2232 esse
288 2168 436 2247 credam,
464 2167 528 2230 nisi
555 2165 665 2230 scriba
697 2167 793 2230 simul
821 2169 920 2231 etiam
943 2168 1087 2249 aliquam
1109 2173 1235 2249 partem

110 2265 229 2334 decreti
262 2269 487 2352 Ctesiphontei
508 2269 694 2348 recitasset,
716 2268 765 2331 ita
791 2274 830 2332 ut
852 2268 972 2333 collato
995 2269 1061 2347 die,
1085 2290 1150 2350 quo
1172 2269 1234 2333 hoc

110 2366 207 2433 latum
235 2377 321 2451 erat,
356 2392 430 2435 cum
457 2393 511 2450 eo,
545 2392 611 2451 quo
633 2369 868 2435 Demosthenes
890 2392 1007 2435 munus
1036 2376 1235 2453 susceperat,

109 2472 277 2550 patefieret
291 2494 425 2556 rogasse
441 2472 685 2555 Ctesiphontem
706 2473 899 2555 priusquam
920 2472 973 2536 hic
994 2494 1121 2550 munus,
1145 2471 1234 2554 quod

110 2589 246 2638 annuum
278 2574 380 2639 finisse
411 2574 503 2638 locus
535 2575 606 2657 ipse
635 2573 738 2652 docet,
748 2578 774 2657 ¹)
806 2575 996 2657 peregisset.
1033 2575 1105 2639 Huc
1132 2574 1236 2657 igitur

111 2677 302 2755 spectaverit
328 2677 384 2758 qui
406 2676 440 2739 in
466 2677 594 2758 aliquot
619 2675 712 2739 libris
733 2675 899 2740 indicatur
921 2669 1148 2762 Διαλομσμὸς
1169 2680 1236 2742 τῶν

111 2769 246 2865 ἡμερῶν,
275 2779 364 2860 quod
385 2784 476 2842 recte
497 2779 562 2842 iam
584 2776 708 2841 invenit
731 2777 1003 2862 Winiewskius.²)

188 2932 258 2996 Iam
281 2931 369 3014 quod
390 2931 444 2995 hic
467 2930 507 2994 de
529 2929 666 2994 theorici
688 2951 830 3010 munere,
858 2929 960 3011 idem,
992 2931 1044 2995 uti
1063 2931 1130 2995 iam
1152 2931 1233 2995 vidi·

112 3033 305 3118 mus,§27de
316 3031 657 3097 alteroDemosthenis
667 3051 801 3095 munere
814 3031 1066 3096 demonstratur.
1084 3033 1235 3097 Ceterum

113 3128 190 3198 hanc
211 3157 283 3200 esse
304 3136 423 3199 harum
450 3135 487 3219 ἐξ
510 3133 704 3198 sententiam
733 3136 899 3196 testantur
921 3134 1029 3213 etiam,
1051 3138 1089 3197 nt
1110 3156 1151 3198 ne
1174 3134 1236 3201 hoc

114 3232 238 3314 quidem
254 3237 452 3316 omittamus,
473 3235 647 3301 nonnullae
663 3234 835 3299 verborum
850 3234 984 3302 formae.
1018 3235 1124 3301 Antea
1140 3237 1234 3316 euim,

115 3356 206 3417 quum
227 3339 403 3404 Aeschines
426 3338 565 3421 saepius,
587 3336 645 3402 ubi
667 3335 895 3421 imperfectum
916 3342 1044 3420 tempus
1066 3342 1235 3421 exspecta-

113 3457 187 3520 mus,
209 3442 376 3525 praesenti
397 3445 520 3519 utatur,
553 3440 654 3505 veluti
676 3442 694 3524 §
722 3447 775 3506 14:
799 3432 884 3503 ἔστι
912 3438 950 3505 δὲ
972 3434 990 3506 ὁ
1012 3438 1235 3528 Δημοσθένης

113 3541 302 3625 τειχοποιός,
315 3543 366 3608 vel
377 3547 454 3625 §172
466 3540 554 3624 λέξει
566 3534 627 3630 γὰρ
640 3536 751 3620 οὕτως·
763 3539 953 3623 τειχοποιός
968 3538 1062 3626 εἰμι·
1075 3537 1235 3627 ὁμολογῶ·

115 3675 148 3687 -
169 3641 256 3725 τίνος
279 3633 335 3712 οὖν
356 3641 439 3729 εἰμι
462 3639 700 3729 caecatas),
721 3643 775 3708 hic
794 3648 983 3709 constanter
997 3648 1125 3726 tempus
1140 3665 1235 3727 prae·

114 3816 314 3836 Μ...-

147 3969 153 3983 »
176 3935 196 4001 ¹)
215 3936 249 3990 cf.
269 3935 392 3990 Boeckh:
410 3934 428 3987 1.
447 3934 464 3987 l.
482 3934 503 3996 Ι,
522 3953 549 4002 p.
568 3936 627 3988 260.

175 4020 198 4081 ²)
215 4021 233 4074 l.
250 4023 269 4074 l.
288 4040 315 4090 p.
333 4022 392 4075 279.
410 4025 469 4073 not.

187 4109 199 4168 )
217 4106 250 4160 οδ.
267 4107 283 4176 ἐ
300 4110 345 4160 23:
364 4105 434 4158 ὅταν
450 4110 545 4156 τοίνυν
561 4100 681 4170 μάλιστα
700 4105 873 4177 θρασύνηται
890 4104 1070 4169 Δημοσθένης
1086 4101 1180 4173 λέγων,
1199 4103 1235 4156 ὡς

117 4177 155 4235 διὰ
174 4190 223 4254 τὴν
243 4188 370 4242 ἐπίδοσιν
394 4189 443 4242 οὐκ
467 4193 541 4240 ἔστι
565 4189 723 4246 ὑπεύθυνος
745 4187 800 4241 κτλ.
835 4190 915 4260 §312
937 4189 1129 4253 Δημοσθένην,
1152 4185 1181 4243 ὃς
1204 4191 1234 4239 ἐκ

116 4269 157 4334 τῆς
173 4269 327 4341 διοικήσεως
345 4277 381 4330 εἰ,Ι
398 4278 486 4328 ταῖτα
504 4277 576 4341 ἔχει
592 4278 689 4348 μικροῦ
707 4273 764 4327 δεῖν
782 4272 847 4326 δέκα
865 4271 995 4326 τάλαντα.
